<?xml version="1.0" encoding="UTF-8"?><collection xmlns="http://www.loc.gov/MARC21/slim"><record><leader>00560nam--2200205-u-4500</leader><controlfield tag="001">000053025</controlfield><controlfield tag="002">20161230</controlfield><controlfield tag="005">20161230201050</controlfield><controlfield tag="008">110103s1000------------r-----000-0-eng-d</controlfield><datafield ind1=" " ind2=" " tag="020"><subfield code="a">038794799X</subfield></datafield><datafield ind1=" " ind2=" " tag="040"><subfield code="a">IFIN-HH</subfield></datafield><datafield ind1=" " ind2=" " tag="080"><subfield code="a">537:538</subfield></datafield><datafield ind1="1" ind2=" " tag="100"><subfield code="a">Greiner, Walter</subfield></datafield><datafield ind1="1" ind2="0" tag="245"><subfield code="a">Classical electrodynamics</subfield><subfield code="b">Foreword by d. allan bromley</subfield><subfield code="c">Walter greiner</subfield></datafield><datafield ind1=" " ind2=" " tag="260"><subfield code="a">New York</subfield><subfield code="b">Springer Verlag</subfield><subfield code="c">1998</subfield></datafield><datafield ind1=" " ind2=" " tag="300"><subfield code="a">555P</subfield></datafield><datafield ind1=" " ind2=" " tag="490"><subfield code="a">Classical Theoretical Physics</subfield></datafield><datafield ind1=" " ind2="4" tag="650"><subfield code="a">Electrodynamics</subfield></datafield><datafield ind1=" " ind2=" " tag="852"><subfield code="a">81446</subfield><subfield code="c">537:538</subfield></datafield><datafield ind1=" " ind2=" " tag="CAT"><subfield code="a">Sys</subfield><subfield code="c">20110705</subfield><subfield code="h">111610</subfield></datafield></record></collection>